@Article{pom51,
  author =       {{Померанчук И.}},
  title =        {Обменные столкновения быстрых нуклонов с дейтонами},
  journal =      {Док. АН СССР},
  year =         1951,
  volume =       {LXXVIII},
  number =       2,
  pages =        {249--250},
  language =     {russian}
}

@Article{pom51_eng,
  author =       {Pomeranchuk, I.},
  title =        {Obmennye stolknoveniya bystryh nuklonov s dejtonami},
  journal =      {Dokl. Akad. Nauk},
  year =         1951,
  volume =       {LXXVIII},
  number =       2,
  pages =        {249--250},
}

@Article{chew50,
  title =        {The Inelastic Scattering of High Energy Neutrons by Deuterons
                  According to the Impulse Approximation},
  author =       {Chew, G. F.},
  journal =      {Phys. Rev.},
  volume =       80,
  pages =        {196--202},
  year =         1950,
}

@Article{dean72_2,
  author =       {Dean, N. W.},
  title =        {Inelastic Scattering from Deuterium in the Impulse
                  Approximation},
  journal =      {Phys. Rev. D},
  year =         1972,
  volume =       5,
  pages =        {2832--2835}
}

@Article{gla_mucha08,
  author =       {Glagolev, V. V. and Martinsk{\'a}, G. and
                  Mu{\v{s}}insk{\'y}, J. and others},
  title =        {The charge exchange reaction \dpchex},
  journal =      {Cent. Eur. J. of Phys.},
  year =         2008,
  volume =       6,
  number =       4,
  pages =        {781--785}
}

@Article{shar09,
  author =       {Sharov, V. I. and Morozov, A. A. and Shindin, R. A. and
                  others},
  title =        {Measurements of the ratio $R_{dp}$ of the quasi-elastic
                  $nd \rightarrow p(nn)$ to the elastic $np \rightarrow pn$
                  charge-exchange process yields at zero proton emission angle
                  over the 0.55--2.00 GeV neutron beam energy region},
  journal =      {Eur. Phys. J. A},
  year =         2009,
  volume =       39,
  pages =        {267--280}
}

@InProceedings{glagolev96,
  author =       {Glagolev, V. V. and Hlav{\'a}{\v{c}}ov{\'a}, J. and
                  Kacharava, A. K. and others},
  title =        {New experiments in the deuteron beams},
  booktitle =    {Proc. of the XIII Intern. Seminar on HEP Problems, Dubna, 2--7
                  September 1996},
  organization = JINR,
  pages =        {179--184},
  year =         1996,
  volume =       1
}

@InProceedings{baz99,
  author =       {{Базылев С. Н.} and {Глаголев В. В.} and {Главачова Ю.}
                   and others},
  title =        {Зарядово-обменные процессы с дейтрон-протонных соударениях},
  booktitle =    {Proc. of the Intern. Workshop Relativistic Nuclear Physics:
                  From Hundreds MeV to TeV, Slovak Republic, Stara Lesna, 14--18
                  June 1999},
  organization = JINR,
  year =         1999,
  volume =       2,
  language =     {russian}
}

@InProceedings{baz99_eng,
  author =       {Bazylev, S. N. and Glagolev, V. V. and
                  Hlav{\'a}{\v{c}}ov{\'a}, J. and others},
  title =        {Zaryadovo-obmennye processy s dejtron-protonnyh soudareniyah},
  booktitle =    {Proc. of the Intern. Workshop Relativistic Nuclear Physics:
                  From Hundreds MeV to TeV, Slovak Republic, Stara Lesna, 14--18
                  June 1999},
  organization = JINR,
  year =         1999,
  volume =       2,
}

@Misc{strela_web,
 howpublished =  {\url{http://strela.jinr.ru}}
}

@Manual{vme85,
  title =        {VMEbus at CERN - A brief review},
  author =       {Parkman, C. F.},
  year =         1985
}

@TechReport{hptdc04,
  author =       {Christiansen, J.},
  title =        {High Performance Time to Digital Converter},
  institution =  {CERN/EP - MIC},
  year =         2004
}

@Article{filatova77,
  author =       {Filatova, N. A. and Turgun, S. N. and Nigmanov, V. P.
                  and others},
  title =        {Study of drift chamber system for a $K-e$ scattering
                  experiment at the Fermi national accelerator laboratory},
  journal =      {Nucl. Instr. and Meth.},
  year =         1977,
  volume =       143,
  pages =        {17--28}
}

@Misc{erfc_web,
  howpublished = {\url{http://root.cern.ch/root/html/TMath.html#TMath:Erfc}}
}

@Article{pesehonov86,
  author =       {{Пешехонов В. Д.}},
  title =        {Методика газонаполненных координатных детекторов и их
                  применение для биомедицинских исследований},
  journal =      {ЭЧАЯ},
  year =         1986,
  volume =       17,
  pages =        {1030--1078},
  language =     {russian}
}

@Article{pesehonov86_eng,
  author =       {Peshehonov, V. D.},
  title =        {Metodika gazonapolnennyh koordinatnyh detektorov i ih
                  primenenie dlya biomedicinskih issledovanij},
  journal =      {JETP Lett.},
  year =         1986,
  volume =       17,
  pages =        {1030--1078},
}

@InProceedings{gla_mucha10,
  author =       {Glagolev, V. V. and Martinsk{\'a}, G. and
                  Mu{\v{s}}insk{\'y}, J. and others},
  title =        {The \dpchex Charge Exchange Channel},
  booktitle =    {Proc. of the Intern. Workshop Relativistic Nuclear Physics:
                  From Hundreds MeV to TeV, Slovak Republic, Stara Lesna, June
                  5--11 2009},
  organization = JINR,
  pages =        {164--174},
  year =         2010
}

@article{bac97,
  author =       {Bacci, C. and Bini, C. and Ciapetti, G. and others},
  title =        {Autocalibration of high precision drift tubes},
  journal =      {Nucl. Phys. B},
  volume =       54,
  pages =        {311--316},
  year =         1997,
}

@InProceedings{pet05,
  author =       {Petrucci, F.},
  title =        {Calibration software for the Atlas monitored drift tube
                  chambers},
  booktitle =    {Nucl. Science Symp. Conf. Record, 2005 IEEE},
  pages =        {153--157},
  year =         2005,
  volume =       1
}
